@article{one,
author={L. Lingxin}, 
booktitle={2015 8th International Conference on Intelligent Computation Technology and Automation (ICICTA)}, 
title={Research on Vertex Deformation Algorithms of Character Animation Model}, 
year={2015}, 
volume={}, 
number={}, 
pages={797-800}, 
keywords={computer animation;matrix algebra;collapse effect;dual quaternion algorithm;integral solution;matrix linear hybrid algorithm;morph algorithm;programmable graph hardware technology;real-time character animation model;skeleton animation structure;skeleton animation technology;vertex deformation algorithms;wrapping paper effect;Algorithm design and analysis;Animation;Graphics processing units;Quaternions;Rendering (computer graphics);Skeleton;Transforms;DLB;character animation;dual quaternion;skeleton;vertex deformation}, 
doi={10.1109/ICICTA.2015.202}, 
ISSN={}, 
month={June},
}

@article{two,
author={S. Guerraz and F. Perbet and D. Raulo and F. Faure and M. P. Cani}, 
booktitle={Proceedings 11th IEEE International Workshop on Program Comprehension}, 
title={A procedural approach to animate interactive natural sceneries}, 
year={2003}, 
volume={}, 
number={}, 
pages={73-78}, 
keywords={computer animation;natural scenes;real-time systems;rendering (computer graphics);virtual reality;autonomous virtual humans;complex natural scene;grass;interactive natural sceneries;natural scenery;on-the-fly generation;procedural approach;real-time animation;rendering;trees;user-specified density maps;virtual objects;wind;Animation;Blades;Cameras;Clouds;Computational geometry;Humans;Layout;Rivers;Vegetation mapping;Vehicles}, 
doi={10.1109/CASA.2003.1199306}, 
ISSN={1087-4844}, 
month={May},
}

@article{three,
author={Xuejun Li and Meng Xu}, 
booktitle={2009 IEEE International Conference on Network Infrastructure and Digital Content}, 
title={Water simulation based on HLSL}, 
year={2009}, 
volume={}, 
number={}, 
pages={1066-1069}, 
keywords={computer animation;computer games;high level languages;rendering (computer graphics);3D games;HLSL;animations;computer graphics;graphic processing unit;high level shading language;real-time rendering applications;vertex processing;water simulation;Animation;Central Processing Unit;Computational modeling;Computer graphics;Computer simulation;Pipelines;Rendering (computer graphics);Sea surface;Surface waves;Water resources;Graphic Processing Unit;High-Level Shader Language;Water Simulation}, 
doi={10.1109/ICNIDC.2009.5360906}, 
ISSN={2374-0272}, 
month={Nov},
}

@article{four,
 author = {Perbet, Frank and Cani, Maric-Paule},
 title = {Animating Prairies in Real-time},
 booktitle = {Proceedings of the 2001 Symposium on Interactive 3D Graphics},
 series = {I3D '01},
 year = {2001},
 isbn = {1-58113-292-1},
 pages = {103--110},
 numpages = {8},
 url = {https://dl.acm.org/citation.cfm?doid=364338.364375},
 doi = {10.1145/364338.364375},
 acmid = {364375},
 publisher = {ACM},
 address = {New York, NY, USA},
 keywords = {levels of detail, natural phenomena, real-time 3D graphics},
}

@article{five,
author = {Bloomenthal, Jules},
 title = {Medial-based Vertex Deformation},
 booktitle = {Proceedings of the 2002 ACM SIGGRAPH/Eurographics Symposium on Computer Animation},
 series = {SCA '02},
 year = {2002},
 isbn = {1-58113-573-4},
 location = {San Antonio, Texas},
 pages = {147--151},
 numpages = {5},
 url = {https://dl.acm.org/citation.cfm?doid=545261.545285},
 doi = {10.1145/545261.545285},
 acmid = {545285},
 publisher = {ACM},
 address = {New York, NY, USA},
}

@article{six,
 author = {Hinsinger, Damien and Neyret, Fabrice and Cani, Marie-Paule},
 title = {Interactive Animation of Ocean Waves},
 booktitle = {Proceedings of the 2002 ACM SIGGRAPH/Eurographics Symposium on Computer Animation},
 series = {SCA '02},
 year = {2002},
 isbn = {1-58113-573-4},
 location = {San Antonio, Texas},
 pages = {161--166},
 numpages = {6},
 url = {https://dl.acm.org/citation.cfm?doid=545261.545288},
 doi = {10.1145/545261.545288},
 acmid = {545288},
 publisher = {ACM},
 address = {New York, NY, USA},
 keywords = {adaptive scheme, natural phenomena, ocean, procedural animation, waves},
}

@misc{seven,
	title={Creating the Art of ABZU},
	author={Matt Nava},
	howpublished={[Online]. Available: \url{https://www.youtube.com/watch?v=l9NX06mvp2E}},
    note={[Accessed: 17-Mar-2017]},
}

@misc{eight,
	title={How Did They Do That - Crash Bandicoot's Cartoony Animation},
	author={Rob the ClassicGameJunkie},
	howpublished={[Online]. Available: \url{https://www.youtube.com/watch?v=ZrCdnTbMGec}},
    note={[Accessed: 17-Mar-2017]},
}

@misc{nine,
	title={Shaders},
	author={Joey de Vries},
	howpublished={[Online]. Available: \url{https://learnopengl.com/Getting-started/Shaders}},
    note={[Accessed: 17-Mar-2017]},
}

@misc{ten,
	title={Human Skeleton System Animation},
	author={Stephanie Cheng},
	howpublished={[Online]. Available: \url{https://bib.irb.hr/datoteka/890911.Final_0036473606_56.pdf}},
    note={[Accessed: 17-Mar-2017]},
}

@article{eleven,
 author = {Knowles, Benjamin and Fryazinov, Oleg},
 title = {Increasing Realism of Animated Grass in Real-time Game Environments},
 booktitle = {ACM SIGGRAPH 2015 Posters},
 series = {SIGGRAPH '15},
 year = {2015},
 isbn = {978-1-4503-3632-1},
 location = {Los Angeles, California},
 pages = {48:1--48:1},
 articleno = {48},
 numpages = {1},
 url = {https://dl.acm.org/citation.cfm?doid=2787626.2787660},
 doi = {10.1145/2787626.2787660},
 acmid = {2787660},
 publisher = {ACM},
 address = {New York, NY, USA},
}

@misc{twelve,
	title={Vertex Shaders},
	author={N/A},
	howpublished={[Online]. Available: \url{http://www.nvidia.co.uk/object/feature_vertexshader.html}},
    note={[Accessed: 17-Mar-2017]},
}

@misc{thirteen,
	title={The Inner Workings of Fortnite's Shader-Based Procedural Animations},
	author={Jonathan Lindquist},
	howpublished={[Online]. Available: \url{https://www.youtube.com/watch?v=7Fl3so0Z5Tc}},
    note={[Accessed: 17-Mar-2017]},
}

@misc{fourteen,
	title={How to take advantage of textures in the vertex shader},
	author={Mario Palmero, Norman Schaar},
	howpublished={[Online]. Available: \url{https://www.gamasutra.com/blogs/TequilaWorks/20160620/275347/How_to_take_advantage_of_textures_in_the_vertex_shader.php}},
    note={[Accessed: 22-Mar-2017]},
}

@misc{fithteen,
	title={Shaders: A primer},
	author={Sven Bergstrom},
	howpublished={[Online]. Available: \url{https://www.gamasutra.com/blogs/SvenBergstrom/20140407/214788/Shaders__A_primer.php}},
    note={[Accessed: 22-Mar-2017]},
}

@misc{sixteen,
	title={Using Vertex Texture Displacement for Realistic Water Rendering},
	author={Yuri Kryachko},
	howpublished={[Online]. Available: \url{https://www.gamasutra.com/view/feature/130909/using_vertex_texture_displacement_.php}},
    note={[Accessed: 22-Mar-2017]},
}